<?xml version="1.0" encoding="UTF-8"?><collection><record><leader>03022ntm a2200397 a 4500</leader><controlfield tag="001">002576831</controlfield><controlfield tag="003">MiAaHDL</controlfield><controlfield tag="005">20190719000000.0</controlfield><controlfield tag="006">m        d        </controlfield><controlfield tag="007">cr bn ---auaua</controlfield><controlfield tag="008">921116s1710    xx            00||  ara d</controlfield><datafield tag="035" ind1=" " ind2=" "><subfield code="a">(MiU)002576831</subfield></datafield><datafield tag="035" ind1=" " ind2=" "><subfield code="a">sdr-miu002576831</subfield></datafield><datafield tag="035" ind1=" " ind2=" "><subfield code="a">(OCoLC)34365264</subfield></datafield><datafield tag="035" ind1=" " ind2=" "><subfield code="a">(RLIN)MIUH92-A23</subfield></datafield><datafield tag="040" ind1=" " ind2=" "><subfield code="a">MiU</subfield><subfield code="c">MiU</subfield><subfield code="e">appm</subfield></datafield><datafield tag="100" ind1="1" ind2=" "><subfield code="6">880-01</subfield><subfield code="a">Mullawī, Aḥmad ibn ʻAbd al-Fattāḥ,</subfield><subfield code="d">1677-1767.</subfield></datafield><datafield tag="245" ind1="1" ind2="0"><subfield code="6">880-02</subfield><subfield code="a">Sharḥ masʾalat al-ʻitq al-manhajīyah al-mukhrajah bi-al-ṭarīqah al-jabrīyah :</subfield><subfield code="k">manuscript,</subfield><subfield code="f">[1710].</subfield></datafield><datafield tag="300" ind1=" " ind2=" "><subfield code="a">1</subfield><subfield code="f">v. ([27] p.) ;</subfield><subfield code="c">22 cm.</subfield></datafield><datafield tag="500" ind1=" " ind2=" "><subfield code="a">Text rubricated; marginal corrections and notes in hand of copyist (same as that of 694,2).</subfield></datafield><datafield tag="500" ind1=" " ind2=" "><subfield code="a">Date in colophon: wa-katabahu muʾallifuhu al-ʻallāmah Aḥmad ibn ʻAbd al-Fattāḥ al-Mullawī fī Jumādá al-ūlá sanat ithnayn wa-ʻishrīn wa-miʾah wa-alf [June-July 1710].</subfield></datafield><datafield tag="500" ind1=" " ind2=" "><subfield code="a">Pp. [1-16]. Bound with: Aḥmad ibn ʻAbd al-Fattāḥ al-Mūjirī al-Mullawī, Taqyīd ʻalá masʾalat zakāt al-nābit, pp. [17-27].</subfield></datafield><datafield tag="520" ind1=" " ind2=" "><subfield code="a">On the algebraic determination of the depreciation in the value of slaves sold or distributed as inheritance after the death of their master.</subfield></datafield><datafield tag="538" ind1=" " ind2=" "><subfield code="a">Mode of access: Internet.</subfield></datafield><datafield tag="541" ind1=" " ind2=" "><subfield code="d">07/--/36</subfield><subfield code="3">Manuscript</subfield><subfield code="a">McGregor Fund</subfield><subfield code="c">Purchase, 1933/34</subfield><subfield code="h">5 p.t.</subfield></datafield><datafield tag="545" ind1=" " ind2=" "><subfield code="a">Egyptian (?) scholar primarily known for works on grammar and logic.</subfield></datafield><datafield tag="561" ind1=" " ind2=" "><subfield code="a">al-taʾlīf nafīs lil-ghāyah wa-ḥarrafahu kātibuhu li-jahlihi bi-al-fāʻah lil-nihāyah fa-lā yaqūl aḥad ʻalayya hādhihi al-nuskhah al-muḥarrafah wa-hādhihi naṣīḥah la-ka yā akhā al-maʻrifah wa-laysa dhālika min khaṭṭ al-muʾallif wa-in ...[?]... al-kātib al-muḥarrif; inside flyleaf, manuscript notes in handwriting of Max Meyerhof.</subfield></datafield><datafield tag="561" ind1=" " ind2=" "><subfield code="a">Purchased in Cairo, 1933/34. Owners' marks: on p. [1], unsigned owner's note: waqafa hadhā al-kitāb al-ajall al-muḥtaram sayyidī Muḥammad ibn al-shaykh Ḥasan al-shahīr ...[?]... al-Karīm bi-al-Karīmī ʻalá ṭalabat al-ʻilm bi-al-jāmiʻ al-Azhar wa-[?]... taḥt yad ...[?]... al-ʻallāmah ...[?]... al-mudarrisīn al-shaykh Aḥmad al-Jawharī wa-min baʻdihi yakūn taḥt yad kull man kāna imāman rātiban ...[?]... bi-al-jāmiʻ al-Azhar ...[?]; on p. [1], unsigned owner's note: inna hādhā</subfield></datafield><datafield tag="650" ind1=" " ind2="0"><subfield code="a">Depreciation</subfield><subfield code="y">Early works to 1800.</subfield></datafield><datafield tag="650" ind1=" " ind2="0"><subfield code="a">Slaves</subfield><subfield code="y">Early works to 1800.</subfield></datafield><datafield tag="650" ind1=" " ind2="0"><subfield code="a">Algebra</subfield><subfield code="v">Early works to 1800.</subfield></datafield><datafield tag="650" ind1=" " ind2="0"><subfield code="a">Mathematics, Arab</subfield><subfield code="y">Early works to 1800.</subfield></datafield><datafield tag="650" ind1=" " ind2="0"><subfield code="a">Manuscripts, Arabic</subfield><subfield code="z">Michigan</subfield><subfield code="z">Ann Arbor.</subfield></datafield><datafield tag="700" ind1="1" ind2=" "><subfield code="a">Meyerhof, Max,</subfield><subfield code="d">1874-1945,</subfield><subfield code="e">former owner.</subfield></datafield><datafield tag="773" ind1="0" ind2=" "><subfield code="7">unbc</subfield><subfield code="a">Tracy W. McGregor Collection of Arabic, Persian, and Turkish Mathematical and Astronomical Manuscripts.</subfield><subfield code="w">(CStRLIN)MIUH92-A20.</subfield></datafield><datafield tag="880" ind1="1" ind2="0"><subfield code="6">245-02/</subfield><subfield code="a">شرح مسألة العتق المنهجية المخرجة بالطريقة الجبرية :</subfield><subfield code="k">manuscript،</subfield><subfield code="f">[1710].</subfield></datafield><datafield tag="880" ind1="0" ind2=" "><subfield code="6">100-01/</subfield><subfield code="a">أحمد بن عبد الفتاح الملوي.</subfield></datafield><datafield tag="CID" ind1=" " ind2=" "><subfield code="a">002576831</subfield></datafield><datafield tag="DAT" ind1="0" ind2=" "><subfield code="a">20190719102632.0</subfield><subfield code="b">20190719000000.0</subfield></datafield><datafield tag="DAT" ind1="1" ind2=" "><subfield code="a">20190719090653.0</subfield><subfield code="b">2019-07-19T16:10:36Z</subfield></datafield><datafield tag="DAT" ind1="2" ind2=" "><subfield code="a">2015-10-02T18:00:03Z</subfield></datafield><datafield tag="CAT" ind1=" " ind2=" "><subfield code="a">SDR-MIU</subfield><subfield code="d">EX LIBRIS - ALEPH</subfield><subfield code="l">prepare.pl-004-008</subfield></datafield><datafield tag="FMT" ind1=" " ind2=" "><subfield code="a">BK</subfield></datafield><datafield tag="HOL" ind1=" " ind2=" "><subfield code="0">sdr-miu002576831</subfield><subfield code="a">MiU</subfield><subfield code="b">SDR</subfield><subfield code="c">MIU</subfield><subfield code="p">mdp.39015062655413</subfield><subfield code="s">MIU</subfield><subfield code="1">002576831</subfield></datafield><datafield tag="974" ind1=" " ind2=" "><subfield code="b">MIU</subfield><subfield code="c">MIU</subfield><subfield code="d">20190719</subfield><subfield code="s">lit-dlps-dc</subfield><subfield code="u">mdp.39015062655413</subfield><subfield code="y">1710</subfield><subfield code="r">pd</subfield><subfield code="q">bib</subfield><subfield code="t">non-US bib date1 &lt; 1896</subfield></datafield></record></collection>